
%%% --------------- MEMMs --------------- %%%

@inproceedings{mccallum-2000-maximum,
  title={Maximum entropy Markov models for information extraction and segmentation.},
  author={McCallum, Andrew and Freitag, Dayne and Pereira, Fernando CN and others},
  booktitle={Icml},
  volume={17},
  number={2000},
  pages={591--598},
  year={2000}
}

%%% --------------- Gen vs Discrim --------------- %%%

@inproceedings{andrew-generative-discriminative-2001,
 author = {Ng, Andrew and Jordan, Michael},
 booktitle = {Advances in Neural Information Processing Systems},
 editor = {T. Dietterich and S. Becker and Z. Ghahramani},
 pages = {},
 publisher = {MIT Press},
 title = {On Discriminative vs. Generative Classifiers: A comparison of logistic regression and naive Bayes},
 volume = {14},
 year = {2001}
}

@article{log-reg-vs-nb,
author = {Caruana, Rich and Niculescu-Mizil, Alexandru},
year = {2006},
month = {06},
pages = {161-168},
title = {An Empirical Comparison of Supervised Learning Algorithms},
volume = {2006},
journal = {Proceedings of the 23rd international conference on Machine learning - ICML '06},
doi = {10.1145/1143844.1143865}
}

%%% --------------- CRFs --------------- %%%

@inproceedings{lafferty-crf-2001,
pages = {282--289},
booktitle = {Proceedings, Eighteenth International Conference on Machine Learning, ICML},
year = {2001},
title = {Conditional random fields: probabilistic models for
segmenting and labeling sequence data},
author = {Lafferty, J. and McCallum, A. and Pereira, F.},
}

@article{sutton-2012-crfintro,
  title={An introduction to conditional random fields},
  author={Sutton, Charles and McCallum, Andrew and others},
  journal={Foundations and Trends{\textregistered} in Machine Learning},
  volume={4},
  number={4},
  pages={267--373},
  year={2012},
  publisher={Now Publishers, Inc.}
}

@article{della-1997-crfparam,
issn = {0162-8828},
journal = {IEEE transactions on pattern analysis and machine intelligence},
pages = {380--393},
volume = {19},
publisher = {IEEE},
number = {4},
year = {1997},
title = {Inducing features of random fields},
copyright = {Copyright 2011 Elsevier B.V., All rights reserved.},
author = {Della Pietra, S. and Della Pietra, V. and Lafferty, J.},
}

%%% --------------- HMMs --------------- %%%

@inproceedings{rabiner-1989-tutorial,
  title={A tutorial on hidden Markov models and selected applications in speech recognition},
  author={Rabiner, Lawrence R},
  booktitle={Proceedings of the IEEE},
  volume={77},
  number={2},
  pages={257--286},
  year={1989},
  publisher={Ieee}
}

@inproceedings{baum-1972-alg,
  address = {University of California, Los Angeles},
  author = {Baum, Leonard E.},
  booktitle = {Inequalities {III}: {P}roceedings of the Third Symposium on
  Inequalities},
  pages = {1--8},
  publisher = {Academic Press},
  title = {An Inequality and Associated Maximization Technique in Statistical Estimation for Probabilistic Functions of Markov Processes},
  year = {1972}
}

@article{kupiec-1992-hmm,
issn = {0885-2308},
journal = {Computer speech \& language},
pages = {225--242},
volume = {6},
publisher = {Elsevier Ltd},
number = {3},
year = {1992},
title = {Robust part-of-speech tagging using a hidden Markov model},
copyright = {1992},
address = {Oxford},
author = {Kupiec, Julian}
}

@article{jelinek-1975-hmm,
issn = {0018-9448},
journal = {IEEE transactions on information theory},
pages = {250--256},
volume = {21},
publisher = {IEEE},
number = {3},
year = {1975},
title = {Design of a linguistic statistical decoder for the recognition of continuous speech},
author = {Jelinek, F. and Bahl, L. and Mercer, R.}
}

@article{viterbi-1967,
    issn = {0018-9448},
    journal = {IEEE transactions on information theory},
    pages = {260--269},
    volume = {13},
    publisher = {IEEE},
    number = {2},
    year = {1967},
    title = {Error bounds for convolutional codes and an asymptotically optimum decoding algorithm},
    copyright = {Copyright 2015 Elsevier B.V., All rights reserved.},
    author = {Viterbi, A.},
}

%%% --------------- General --------------- %%%

@misc{bnc-corpus,
  author = {Geoffrey Leech},
  title = {A Brief Users' Guide to the Grammatical Tagging of the British National Corpus},
    year = {1995},
  howpublished = {http://www.natcorp.ox.ac.uk/docs/gramtag.html},
  note = {Accessed: 2023-12-07}
} %2022 although created in 1991...

@inbook{allen-nlu-1995,
    author = {Allen, James},
    title = {Ambiguity Resolution: Statistical Methods},
    booktitle = {Natural language understanding},
    year = {1995}, 
    publisher = {Benjamin/Cummings},
    pages = {189--222},
    isbn = {0805303340},
    edition = {2nd ed.},
}

@inbook{eisenstein-nlp-2019,
    series = {Adaptive computation and machine learning},
    isbn = {9780262042840},
    year = {2019},
    booktitle = {Introduction to natural language processing / Jacob Eisenstein.},
    title = {Sequence Labelling},
    pages = {268--311},
    author = {Eisenstein, Jacob},
    lccn = {2018059552},
}